@article{article,
  title={Lorem Ipsum: Dolor Sit Amet},
  author={John Doe},
  journal={ACME Journal},
  year={2023},
  publisher={ACME Corp}
}

@misc{website,
  title = {Website},
  howpublished = {\url{https://website.com}},
  note = {Accessed: 2023-07-01}
}